
% BibTeX Entries

@misc{apachepoi,
	author							= {The Apache Software Foundation},
	title								= {Apache POI - the Java API for Microsoft Documents},
	year 								= {2016},
	howpublished 				="\url{https://poi.apache.org/}",
	note								= "[Online; diakses 23-09-2016]",
	}
@misc{apachepoi2,
	author							= {The Apache Software Foundation},
	title								= {POI API Documentation},
	year 								= {2016},
	howpublished 				="\url{http://poi.apache.org/apidocs/index.html}",
	note								= "[Online; diakses 23-09-2016]",
	}
@misc{ical,
	author							= {Ben Fortune},
	title								= {cal4j/ical4j: A Java library for parsing and building iCalendar data models},
	year 								= {2016},
	howpublished 				="\url{http://ical4j.github.io/docs/ical4j/api/2.0-beta1}",
	note								= "[Online; diakses 14-09-2016]",
	
	}
@misc{ical2,
	author							= {Ben Fortune},
	title								= {ical4j},
	year 								= {2007},
	howpublished 				="\url{http://ical4j.sourceforge.net/introduction.html}",
	note								= "[Online; diakses 14-09-2016]",
	
	}
@misc{javafx,
	author							= {Oracle and/or its affiliates},
	title								= {JavaFX Architecture},
	year 								= {2013},
	howpublished 				="\url{http://docs.oracle.com/javafx/2/architecture/jfxpub-architecture.htm}",
	note								= "[Online; diakses 28-09-2016]",
	}
@misc{javafx2,
	author							= {Oracle and/or its affiliates},
	title								= {What Is JavaFX?},
	year 								= {2013},
	howpublished 				="\url{http://docs.oracle.com/javafx/2/overview/jfxpub-overview.htm}",
	note								= "[Online; diakses 28-09-2016]",
	
	}
@misc{javafx3,
	author							= {Oracle and/or its affiliates},
	title								= {JavaFX 8},
	year 								= {2015},
	howpublished 				="\url{http://docs.oracle.com/javase/8/javafx/api/toc.htm}",
	note								= "[Online; diakses 28-09-2016]",
	
	}	
	
